1850 2934
391 143 496 194 AD
531 145 894 196 DIVERSOS·
923 146 1031 196 lau.
1056 145 1211 196 xm.
1234 149 1313 196 65.
1468 153 1535 200 53

183 284 288 322 eum
301 273 548 336 adjuveris
568 292 626 324 eo
645 267 817 336 studio,
841 291 935 340 quo
954 275 1211 338 ostendisti,
1235 277 1391 341 apud
1377 292 1532 342 ipsum

178 340 532 452 w
551 341 790 404 posueris,
825 341 906 389 sed
923 341 1042 388 mihi
1058 341 1199 389 ωιτη
1216 343 1531 405 gratissimum

183 623 192 632 -
263 597 673 663 (ss.)M...Tc
710 589 993 660 P.‚s1L10
1028 600 1441 649 PROPstsMD
1522 671 1529 680 .

235 729 368 790 (Arg
343 737 642 776 ſtrumentum
660 727 998 792 -Ilisponem
1015 730 1321 788 commendat,
1346 739 1398 778 ut
1420 747 1528 796 pac-

178 793 322 842 tiones
334 808 451 841 cum
472 794 736 840 civitatibus
756 809 840 855 pro
859 795 1114 856 publicanis
1135 793 1383 856 confidat.)

239 922 368 971 Cum
389 922 451 969 P.
475 921 698 969 Terentio
716 921 943 996 Hispone,
966 923 1047 987 qui
1068 939 1227 1000 operas
1241 923 1289 970 in
1304 925 1528 989 scriptur-51.

179 1001 260 1050 pm
281 987 512 1050 magistro
533 987 632 1044 dat,
665 985 782 1032 mihi
819 1001 1003 1033 summa
1023 987 1308 1036 familiaritas
1338 1005 1527 1038 consue-

181 1051 388 1115 tudoqne
411 1059 514 1107 αις
547 1052 790 1113 multaque
805 1059 1033 1114 etmagna
1044 1052 1163 1100 inter
1178 1067 1261 1099 nos
1276 1053 1423 1101 officia
1444 1069 1528 1116 pa-

179 1117 245 1163 ria
265 1121 314 1164 et
333 1123 510 1162 mutua
537 1115 839 1163 intercedunt.
882 1115 1005 1176 Ejus
1039 1127 1224 1164 summa
1251 1117 1529 1169 existimatio

179 1180 336 1254 egitur
361 1179 416 1225 in
447 1195 520 1238 eo,
556 1187 610 1226 ut
637 1179 870 1242 pactiones
901 1194 1010 1227 cum
1047 1180 1305 1229 civitatibus
1339 1182 1529 1257 reliquis

178 1243 406 1292 conficiat.
443 1244 558 1291 Non
578 1258 656 1291 me
670 1243 886 1306 praeterit,
909 1258 993 1292 nos
1009 1259 1111 1292 eam
1132 1259 1232 1292 rem
1252 1244 1429 1308 Ephesi
1445 1261 1529 1293 ex·

177 1319 332 1372 pertus
351 1323 474 1365 esse,
494 1322 648 1372 neque
666 1310 727 1355 ab
755 1308 971 1372 Ephesiis
992 1309 1090 1356 ullo
1120 1309 1261 1357 modo
1280 1309 1527 1386 impetrare

177 1373 398 1436 potuisse.
454 1372 544 1420 Sed
577 1387 687 1420 cum
726 1373 1139 1435 (quemadmodum
1176 1387 1335 1421 omnes
1372 1373 1529 1422 existi-

178 1447 328 1498 mant,
351 1445 399 1486 et
421 1452 510 1498 ego
537 1436 764 1500 intelligo)
795 1437 877 1484 tua
897 1453 1006 1484 cum
1038 1435 1222 1485 summa
1252 1437 1528 1501 integritate,

179 1511 281 1550 tum
316 1501 547 1564 singulari
573 1501 861 1550 humanitate
892 1509 939 1548 et
968 1501 1337 1563 mansuetudine,
1372 1517 1530 1550 conse-

181 1577 314 1615 cutus
335 1581 402 1626 es,
425 1575 500 1625 ut,
522 1565 834 1613 libentissimis
856 1565 1047 1624 Graecis,
1081 1575 1218 1625 nutu,
1248 1566 1374 1630 quod
1397 1567 1528 1626 velis,

181 1645 496 1694 msequare3
529 1638 637 1693 peto
650 1645 678 1676 a
693 1639 739 1677 te
759 1631 852 1692 maj
855 1631 1044 1677 oremin
1060 1631 1271 1690 modum,
1293 1639 1365 1690 ut,
1382 1631 1529 1680 hono-

185 1695 246 1743 τὴ
263 1695 362 1742 mei
377 1695 536 1753 causa,
558 1695 645 1741 hac
664 1693 802 1741 laude
823 1694 1084 1770 ῌὶεροτιοτη
1105 1693 1225 1742 affici
1246 1695 1373 1743 velis.

249 1761 484 1808 Praeterea
497 1773 604 1805 cum
621 1758 753 1806 sociis
774 1759 1011 1822 scripturae
1030 1759 1148 1806 mihi
1169 1773 1355 1807 summa
1376 1773 1530 1806 neces-

184 1824 338 1874 situdo
358 1829 450 1880 est,
465 1837 558 1870 non
580 1823 730 1870 solum
751 1823 812 1871 ob
832 1837 937 1871 eam
950 1837 1154 1881 causam,
1169 1823 1295 1886 quod
1317 1838 1371 1870 ea
1392 1823 1532 1870 socie-

184 1899 252 1938 tas
271 1887 492 1936 universa
511 1887 562 1934 in
582 1886 686 1935 mea
718 1887 808 1934 fide
835 1895 920 1947 est,
952 1887 1033 1935 sed
1064 1887 1202 1935 etiam
1225 1887 1349 1951 quod
1370 1887 1533 1950 pleris-

186 1969 274 2018 que
286 1952 422 2000 sociis
434 1961 541 1998 utor
556 1951 922 1999 familiarissime.
947 1953 1024 1999 Ita
1036 1959 1082 1999 et
1095 1951 1354 2015 Hisponem
1370 1965 1531 1999 meum

187 2033 265 2082 per
309 2033 388 2064 me
423 2015 615 2074 ornaris,
651 2024 697 2064 et
725 2015 987 2064 societatem
1020 2015 1138 2062 mihi
1172 2016 1530 2076 conjunctiorem

187 2082 376 2137 fecerim
399 2089 560 2156 ..tuque
572 2081 686 2146 ipse,
701 2089 747 2128 et
768 2096 827 2128 ex
841 2080 984 2141 hujus
1004 2080 1307 2138 observantia,
1331 2080 1533 2142 gratissi-

188 2147 252 2194 mi
279 2145 504 2204 hominis,
535 2155 580 2192 et
607 2161 667 2192 ex
697 2144 922 2192 sociorum
956 2143 1119 2207 gratia,
1154 2143 1400 2192 hominum
1430 2159 1533 2191 ain-

189 2211 521 2274 plissimorum,
546 2209 809 2256 maximum
823 2207 1028 2256 fructum
1050 2209 1217 2284 capies,
1241 2217 1287 2256 et
1306 2223 1384 2255 me
1404 2223 1532 2255 sum-

187 2291 268 2323 mo
291 2274 516 2324 beneficio
538 2274 753 2322 affeceris.
787 2273 864 2320 Sic
885 2273 1010 2320 enim
1031 2273 1170 2321 velim
1196 2272 1445 2330 existima,
1470 2287 1529 2320 ex

188 2341 282 2388 tota
301 2340 386 2387 tua
405 2338 662 2402 provincia,
687 2338 905 2401 omnique
935 2337 1033 2386 isto
1045 2337 1255 2400 imperio,
1278 2336 1397 2384 nihil
1418 2351 1529 2398 esse,

189 2404 309 2476 quod
329 2403 450 2451 mihi
470 2403 648 2468 gratius
671 2402 819 2451 facere
837 2402 998 2466 possis.
1032 2400 1167 2450 Vale.

1113 2699 1276 2744 13·
