1850 2934
287 151 356 200 ιιι
492 149 594 198 AD
628 147 984 199 mvnnsos.
1020 115 1141 195 121⁸ss
1176 137 1329 196 xm.
1358 149 1437 196 ιε.

365 277 456 337 Te,
478 279 548 327 mi
563 279 750 336 Plance,
767 291 852 342 pro
861 275 1053 342 paterni
1065 275 1411 352 necessitudine,
1432 289 1519 338 pro
1534 289 1665 324 nos-

300 353 373 393 tro
393 359 564 400 amore,
593 359 679 408 pro
713 343 876 391 studiis
903 351 951 390 et
982 341 1111 389 omni
1144 357 1280 389 cursu
1321 349 1475 387 nostm
1504 339 1670 422 totius

301 409 410 457 vitoe
429 408 683 466 simillimo,
701 422 830 470 rogo,
852 415 898 454 et
913 423 943 455 a
954 415 1001 454 te
1019 407 1086 454 ita
1100 415 1224 470 peto,
1245 413 1303 452 ut
1315 405 1490 466 majore
1510 404 1658 462 cura,

302 475 478 535 maJore
499 471 652 520 studio
672 472 803 520 nullo
827 472 1018 534 possim,
1039 480 1095 518 ut
1113 471 1233 517 hanc
1263 483 1361 516 rem
1394 467 1617 531 suscipias
1638 485 1663 525 3

305 549 461 584 meam
497 545 632 601 putes
665 551 791 592 oese3
827 537 1016 596 enitare,
1052 534 1314 592 contendas,
1354 533 1537 589 efficias,
1572 540 1664 591 ut,

306 601 414 648 mea
435 600 842 660 commendatione,
877 607 960 648 tuo
992 599 1161 656 studio,
1185 597 1379 646 Caesaris
1406 597 1665 657 beneficio,

307 665 619 713 hereditatem
639 664 889 740 propinqui
905 664 978 711 sui
998 663 1054 712 C.
1078 663 1245 726 Capito
1264 662 1481 710 obtineat,
1528 661 1670 709 Om-

309 743 406 852 ἓξ
418 729 792 868 ἓῗηξοζὲὲαξῖ,
794 727 1123 868 Ἑζῗέἓξὲἑ,
1120 726 1463 838 “ww
1476 733 1671 839 ἐῗῗιῒ

310 827 470 905 tulisse
483 859 674 920 putabo,
697 857 738 904 si
756 857 877 904 hanc
896 871 995 904 rem
1011 855 1327 919 impetravero.

378 921 508 969 Illud
527 921 624 968 fore
645 921 730 969 tibi
751 921 1019 982 adjumento
1040 935 1189 982 spero,
1210 921 1343 981 cujus
1366 917 1464 981 ipse
1494 916 1667 969 Caesar

315 985 766 1098 33221'3‘2312330
765 993 995 1112 {effla
1012 983 1669 1109 hssffiffffefffflssffiffi

315 1113 516 1162 hominis
543 1113 830 1161 memoriam.
865 1114 1033 1176 Itaque
1052 1111 1169 1159 nihil
1190 1121 1236 1160 te
1254 1112 1408 1160 doceo.
1444 1112 1667 1162 Tantum

315 1178 401 1226 tibi
429 1179 600 1224 sumito
630 1193 716 1241 pro
745 1177 975 1241 Capitone
1002 1177 1128 1240 apud
1149 1177 1395 1234 Caesarem,
1424 1185 1666 1238 quantum

313 1243 470 1317 ipsum
490 1243 754 1289 meminisse
781 1242 960 1290 senties.
994 1241 1117 1304 Ego,
1140 1241 1266 1304 quod
1286 1241 1335 1287 in
1357 1256 1434 1288 me
1450 1241 1553 1303 ipso
1574 1256 1669 1288 ex-

317 1307 456 1370 periri
477 1306 624 1368 potui,
649 1306 709 1352 ad
729 1315 776 1354 te
795 1306 1013 1354 deferam.
1048 1307 1109 1353 In
1130 1321 1185 1353 eo
1206 1313 1435 1386 quantum
1458 1305 1518 1352 sit
1540 1308 1669 1368 pon'-

316 1371 452 1427 deris,
476 1379 525 1416 tu
543 1370 731 1418 videbis.
765 1370 924 1428 Quam
948 1377 1125 1433 partem
1142 1369 1191 1416 in
1204 1369 1440 1432 republica
1452 1385 1670 1418 eausam-

317 1450 410 1497 que
431 1433 730 1492 defenderim,
753 1449 838 1497 per
857 1449 973 1497 quos
998 1434 1207 1481 homines
1228 1433 1499 1496 ordinesque
1524 1442 1668 1482 stete-

315 1499 423 1553 rim,
441 1498 554 1561 quib
555 1513 701 1560 usque
720 1499 931 1546 munitus
950 1497 1136 1553 fuerim,
1159 1512 1251 1546 non
1268 1498 1465 1560 ignoras.

387 1563 492 1609 Hoc
511 1563 628 1608 mihi
648 1563 786 1610 velim
809 1562 997 1610 creda-s·
1034 1563 1072 1609 si
1101 1562 1215 1626 quid
1236 1562 1419 1610 feeerim
1440 1562 1528 1610 hoc
1542 1563 1669 1626 ipso

319 1627 368 1674 in
393 1626 515 1674 bello
539 1627 695 1673 minus
717 1641 774 1674 ex
798 1627 990 1674 Caesaris
1020 1627 1255 1673 voluntate
1278 1625 1427 1689 (quod
1447 1627 1667 1675 intellex-

319 1691 435 1738 erim
457 1691 569 1738 scire
587 1691 740 1754 ipsum
759 1691 1007 1748 Caesarem,
1022 1705 1099 1737 me
1114 1691 1441 1738 invitissimum
1462 1691 1661 1752 fecisse),

317 1755 370 1802 id
411 1755 568 1803 fecisse
621 1756 818 1803 aliorum
859 1755 1064 1812 consilio,
1107 1755 1311 1814 hortatu,
1356 1754 1659 1805 auctoritate.

319 1820 446 1882 quod
466 1820 633 1867 fuerim
653 1819 930 1868 moderatior
949 1819 1350 1882 temperatiorque,
1374 1835 1517 1883 quam
1538 1820 1586 1867 in
1604 1823 1663 1871 ea

321 1893 451 1947 perte
483 1884 749 1960 quisquam,
784 1884 836 1930 id
862 1899 941 1930 me
968 1883 1125 1931 fecisse
1156 1883 1363 1932 maxime
1396 1885 1667 1934 auctoritate

321 1949 592 2012 Capitonis,
627 1950 760 2008 quus
793 1941 967 1995 similes
988 1948 1027 1994 si
1048 1948 1247 2011 reliquos
1279 1949 1551 1997 necessarios
1578 1949 1665 1998 ha-

318 2014 538 2071 buissem,
560 2013 822 2076 reipublicae
835 2013 1025 2061 fortasse
1036 2013 1265 2072 nonnihil,
1276 2012 1396 2060 mihi
1417 2021 1537 2062 certe
1556 2015 1665 2077 plu-

321 2077 968 2201 rimfffficzzonguiffinsshnoe'
991 2143 1032 2190 si
1052 2142 1281 2199 effecerisg
1314 2157 1469 2190 meam
1498 2143 1557 2191 de
1582 2145 1666 2192 tua

323 2221 432 2269 erga
446 2221 523 2253 me
541 2206 858 2254 benevolentia
874 2222 1005 2271 spem
1026 2205 1389 2262 confirmaveris·
1408 2209 1561 2270 ipsum
1575 2208 1667 2256 Ca'-

325 2271 548 2333 pitonem,
566 2270 896 2332 gratissimum,
919 2271 1319 2328 officiosissimum,
1343 2271 1574 2346 optimum
1595 2273 1665 2320 vi-

325 2347 448 2391 rum,
471 2335 530 2381 ad
552 2344 681 2382 tuam
713 2335 1091 2384 necessitudinem
1120 2345 1203 2384 tuo
1233 2342 1418 2412 summo
1444 2337 1664 2386 beneficio

323 2399 599 2460 adjunxeris.
633 2400 681 2450 V
682 2400 767 2447 ale.
