1850 2934
435 148 536 199 An
567 148 912 201 A‘rrrcum.
946 150 1068 200 Lm.
1092 148 1215 199 vn.
1250 154 1348 201 15.·
1458 134 1573 203 πε·

205 295 312 331 rem
346 296 644 345 magnopere,
683 279 811 345 quod
836 280 1116 337 seriberemg
1150 280 1231 329 sed
1264 288 1319 330 ut
1350 280 1563 345 loquerer

207 353 370 393 tecum
392 348 589 402 absens3
624 360 719 409 quo
751 345 884 401 mihi.
911 360 1023 394 cum
1055 360 1209 393 eoram
1239 345 1289 393 id
1321 360 1413 395 non
1437 347 1563 409 licet,

209 406 336 457 nihil
357 418 427 457 est
442 409 709 471 Jucundius.
1256 470 1261 474 ι

285 472 504 537 Capuam
525 490 634 523 cum
654 472 880 523 venissem
900 489 943 522 a.
964 472 1011 521 d.
1039 472 1119 523 v1
1140 473 1384 535 calendas,
1414 474 1576 538 pridie

216 552 368 601 quam
390 538 474 585 has
503 538 658 585 literas
686 538 808 599 dedi,
841 538 1049 587 eonsules
1070 540 1278 599 conveni,
1300 540 1565 603 multosque

218 602 370 649 nostri
397 603 582 650 ordinis.
616 602 795 651 Omnes
815 603 1060 666 cupiebant
1080 603 1326 661 Caesarem,
1357 604 1567 652 abductis

256 666 466 725 raesidiis,
489 676 606 715 stare
628 664 964 715 conditionibus
984 667 1057 724 iis,
1082 682 1199 731 quas
1228 668 1419 715 tulisset.
1465 668 1567 717 Uni

222 731 795 843 ἐὰν
811 730 1176 844 252>st
1193 732 1567 859 ..mmm

222 860 1567 987 {ffi’ssffissuffuffffflffiffiofflsszss

220 987 266 1035 si
302 987 458 1035 Caesar
491 986 716 1035 adductus
751 986 827 1047 sit,
863 996 918 1036 ut
954 988 1165 1051 praesidia
1206 986 1417 1037 deducat.
1471 989 1564 1051 lta,

223 1051 354 1115 quod
375 1052 578 1099 maxime
607 1067 723 1115 opus
756 1060 840 1112 est,
861 1052 912 1098 in
942 1052 1149 1100 Siciliam
1185 1051 1252 1099 ire
1284 1068 1379 1100 non
1408 1063 1563 1101 curate

219 1115 352 1179 quod
373 1124 532 1163 metuo
553 1131 612 1163 ne
631 1115 767 1175 obsit,
785 1116 833 1163 in
855 1124 1018 1164 senatu
1040 1131 1136 1163 esse
1164 1117 1279 1163 vult„
1314 1118 1567 1165 Postumus

223 1188 404 1239 autem,
426 1180 484 1227 de
514 1196 609 1243 quo
641 1180 914 1227 nominatim
948 1188 1131 1227 senatus
1159 1180 1373 1241 decrevit,
1397 1190 1453 1239 ut
1474 1190 1566 1229 sta-

223 1244 314 1291 tim
348 1244 400 1291 in
435 1244 638 1291 Siciliam
671 1244 773 1302 iret,
797 1244 1095 1307 Furfanoque
1123 1245 1397 1303 succederet,
1428 1254 1567 1308 negat

223 1324 273 1355 se
305 1307 406 1355 sine
426 1308 600 1356 Catone
619 1307 795 1355 iturum
811 1325 826 1355 z
861 1316 906 1354 et
939 1322 1072 1355 suam
1102 1307 1153 1355 in
1186 1317 1345 1356 senatu
1378 1324 1568 1373 operam

225 1372 636 1435 auctoritatemque
671 1387 814 1435 quam
846 1371 1007 1435 magni
1036 1372 1246 1419 aestimat.
1296 1371 1372 1420 Ita
1398 1388 1469 1421 res
1506 1373 1568 1421 ad

228 1435 467 1483 Fannium
487 1436 706 1500 pervenit.
737 1434 787 1483 Is
808 1451 915 1483 cum
936 1435 1130 1498 imperio
1150 1436 1201 1483 in
1222 1436 1427 1485 Siciliam
1447 1452 1567 1501 prae-

225 1500 443 1548 mittitur.

295 1562 356 1611 In
393 1564 777 1629 disputationibus
815 1564 983 1613 nostris
1026 1580 1209 1615 summa
1248 1565 1441 1615 varietas
1484 1575 1567 1615 est.

227 1628 446 1693 Plerique
466 1637 652 1693 negant,
676 1630 903 1678 Caesarem
922 1629 973 1676 in
994 1630 1251 1677 conditione
1261 1646 1532 1679 mansurum
1548 1648 1566 1689 ς

229 1694 552 1757 postulataque
573 1694 671 1741 haec
691 1696 749 1740 ab
772 1710 826 1741 eo
845 1694 1111 1757 interposita
1142 1709 1254 1754 esse,
1278 1710 1373 1757 quo
1392 1694 1565 1756 minus,

229 1758 358 1821 quod
378 1773 495 1821 opus
517 1766 632 1805 esset
663 1758 722 1804 ad
740 1758 935 1817 bellum,
955 1762 995 1805 'a
1014 1757 1147 1806 nobis
1166 1766 1415 1821 pararetur.
1462 1758 1569 1821 Ego

228 1831 387 1869 autem
410 1837 517 1869 eum
537 1830 652 1885 puto
667 1822 896 1870 facturum
916 1830 973 1869 ut
992 1822 1205 1885 praesidia
1224 1822 1432 1870 deducat.
1480 1823 1569 1871 Vi-

227 1886 338 1935 eerit
359 1886 502 1946 enim,
533 1886 572 1933 si
601 1886 760 1933 consul
792 1886 941 1934 factus
970 1886 1085 1942 erit3
1120 1894 1167 1934 et
1194 1888 1370 1933 minore
1404 1888 1569 1935 scelere

224 1950 398 2010 vicerit,
418 1966 560 2014 quam
578 1966 672 2014 quo
683 1950 911 2013 ingressus
928 1958 1010 1998 est.
1046 1950 1139 1999 Sed
1154 1950 1417 2015 accipienda
1428 1952 1567 2014 plaga

223 2024 306 2065 est.
353 2016 528 2064 Sumus
562 2016 687 2062 enim
713 2014 937 2078 flagitiose
969 2015 1201 2078 imparati,
1229 2030 1337 2063 cum
1358 2032 1387 2063 a
1406 2016 1568 2063 militi-

223 2082 328 2137 bus,
369 2087 471 2127 tum
507 2096 536 2126 a
573 2079 797 2142 pecuniam
831 2094 975 2142 quam
1007 2079 1195 2143 quidem
1230 2094 1435 2139 omnem,
1471 2094 1565 2128 non

223 2144 363 2192 modo
393 2143 640 2207 privatam,
663 2159 769 2207 quae
788 2143 836 2190 in
861 2142 991 2191 Urbe
1020 2152 1103 2202 est,
1128 2143 1209 2191 sed
1240 2144 1379 2191 etiam
1410 2144 1566 2207 publi-

224 2224 346 2266 cam,
369 2224 476 2271 quae
496 2208 545 2255 in
567 2208 729 2257 aerario
745 2216 829 2267 est,
852 2206 922 2254 illi
942 2208 1229 2271 reliquimus.

304 2272 556 2336 Pompeius
602 2272 662 2319 ad
698 2272 900 2335 legiones
940 2273 1158 2320 Attianus
1196 2280 1264 2320 est
1305 2272 1533 2335 profectus
1546 2290 1563 2320 z

228 2337 489 2385 Labienum
526 2352 682 2384 secum
705 2336 860 2384 habet.
908 2336 1015 2401 Ego
1036 2346 1139 2384 tuas
1159 2337 1395 2401 opiniones
1416 2337 1474 2385 de
1493 2337 1569 2385 his

231 2402 368 2449 rebus
387 2409 615 2465 exspecto.
647 2400 859 2449 Formias
879 2416 958 2450 me
986 2401 1206 2451 continuo
1226 2402 1423 2465 recipere
1443 2401 1570 2465 eogi-

235 2466 403 2513 tabam.
865 2477 922 2543 ‘V

1042 2696 1207 2770 zna'
