1850 2934
339 148 438 198 AD
473 149 830 200 DIVERsos.
863 149 989 198 1:11³.
1020 148 1175 198 XIII.
1208 151 1287 198 56.
1419 151 1480 206 47

154 277 378 340 posim-uis
397 279 464 326 sis
489 278 698 328 cnidium
723 287 860 328 tuum
881 287 1021 344 atque
1040 278 1263 338 officium,
1284 277 1496 327 dubitare

153 352 196 388 te
213 356 304 390 non
326 343 560 392 en'stimo.
595 343 728 392 Vale.

216 535 352 594 (56.)
386 534 542 584 MT.
559 533 618 584 C.
651 534 973 596 THERMO,
1008 533 1251 584 PROPR.
1288 535 1337 584 S·
1362 533 1431 581 D.

210 664 612 789 (ἴῧωεπίκηι.
625 693 693 708 --
704 665 908 729 Negotia
927 663 1086 714 Cluvii
1106 664 1363 714 Puteolani·
1358 677 1498 712 -eom-

158 742 252 776 m·

211 857 434 916 Cluvius,
459 857 762 915 PuteolanuS,
776 858 908 906 valde
927 872 1007 906 me
1026 860 1251 917 observat,
1273 857 1499 938 valdeque

153 930 212 968 est
230 921 356 969 mihi
377 921 638 972 familiaris.
672 923 721 970 Is
741 922 806 970 ita
825 923 916 970 sibi
921 923 1187 996 persuadet,
1201 922 1360 986 quod
1346 937 1396 970 ιιι
1416 921 1502 969 tua

153 986 388 1048 provincia
419 986 610 1048 nQotii
629 986 812 1044 habeat,
845 985 953 1046 nisi,
990 996 1036 1035 te
1063 987 1345 1050 provinciam
1382 985 1502 1034 obfi-

156 1059 302 1109 neute,
328 1050 454 1097 meis
489 1050 963 1098 commendationibus
996 1051 1255 1112 confecerit,
1290 1051 1340 1098 id
1366 1066 1416 1098 se
1449 1049 1501 1096 in

155 1115 338 1177 perditis
361 1122 412 1162 et
432 1114 685 1178 desperatis
715 1115 999 1163 habiturum.
1047 1117 1096 1164 N
1099 1130 1207 1174 unc,
1242 1131 1351 1164 cum
1384 1113 1503 1162 mihi

157 1181 209 1226 ab
227 1179 388 1227 amico
408 1179 740 1226 officiosissimo
761 1188 944 1227 tantum
960 1180 1109 1228 oneris
1128 1179 1399 1254 imponitur,
1417 1193 1504 1253 ego

156 1259 339 1306 quoque
355 1243 478 1290 tibi
463 1257 703 1306 imponam
716 1259 800 1318 pro
821 1244 912 1291 tuis
934 1244 985 1291 in
1005 1259 1083 1292 me
1102 1243 1299 1292 summis
1311 1242 1503 1298 officiisg

157 1307 216 1355 ita
235 1317 420 1366 tamen,
447 1315 506 1354 ut
536 1307 623 1355 tibi
649 1307 796 1355 nolim
825 1309 1046 1356 molestus
1081 1323 1189 1356 esse.
1242 1307 1439 1370 Mylasii
1458 1316 1507 1356 et

157 1371 514 1434 Alabandenses
437 1363 768 1436 sespecuniam
785 1371 953 1422 Cluvio
968 1372 1149 1420 debent.
1173 1371 1371 1420 Dixerat
1382 1371 1501 1418 mihi

160 1435 510 1500 Euthydemus,
533 1451 642 1484 cum
662 1435 774 1499 Eph
739 1437 838 1484 hesi
869 1452 1033 1494 essem,
1059 1453 1107 1484 se
1140 1445 1427 1494 curaturum,
1451 1445 1505 1484 ut

159 1501 292 1548 eedici
314 1500 523 1564 Mylasii
543 1452 746 1548 Romam
767 1501 1072 1548 mitterentur.
1124 1501 1184 1549 Id
1214 1501 1390 1549 factum
1412 1515 1507 1548 non

161 1573 233 1612 est.
267 1566 480 1628 Legatos
500 1565 639 1612 audio
659 1565 821 1613 missos
841 1581 971 1614 esse.
1004 1565 1087 1614 sed
1105 1565 1231 1614 malo
1246 1565 1439 1624 ecdicos,
1454 1573 1509 1612 ut

158 1630 332 1694 aliquid
357 1629 704 1692 conficipossit.
752 1629 1089 1692 Quarepetoa
1120 1638 1185 1688 te,
1207 1636 1501 1678 uteteoset

159 1694 513 1742 Alabandenses
529 1695 692 1754 jubeas
713 1693 886 1741 ealieos
907 1694 1113 1742 Romam
1136 1693 1331 1742 mittere.

221 1760 457 1806 Praeterffi
489 1756 696 1806 Philotes
725 1758 1065 1808 Alabandensis
1096 1757 1255 1812 ὖκποθη
1233 1777 1311 1811 nac
1341 1755 1510 1804 Cluvio

159 1823 313 1871 dedit.
347 1823 428 1869 hae
449 1821 704 1870 commissae
724 1829 846 1870 sunt.
894 1822 1071 1883 Velim,
1096 1837 1240 1881 cura,
1261 1833 1319 1869 ut
1348 1828 1431 1868 aut
1450 1819 1510 1867 de

159 1887 433 1951 hypothecis
449 1885 656 1945 decedat,
672 1903 838 1950 easque
849 1885 1217 1949 procuratoribus
1240 1885 1395 1933 Cluvii
1416 1893 1513 1932 tra-

161 1951 256 2012 dat,
287 1959 372 1998 aut
405 1950 652 2014 pecuniam
683 1951 844 1998 solvat.
892 1951 1120 2000 Praeterea
1148 1949 1433 1998 Heracleotae
1462 1958 1509 1996 et

161 1967 450 2078 Bargyleeg
472 2015 556 2078 qui
574 2015 688 2064 item
716 2015 900 2074 debent,
935 2025 1018 2062 aut
1046 2013 1290 2078 pecuniam
1311 2015 1508 2073 solvant,

161 2088 240 2128 aut
257 2071 496 2126 fructibus
527 2079 622 2126 suis
642 2079 933 2128 satisfaciant.
985 2079 1153 2128 Caunii
1183 2087 1402 2152 praeterea
1430 2076 1513 2124 de-

160 2145 302 2192 bent·
338 2143 423 2191 sed
443 2143 575 2190 aiunt
595 2159 644 2192 se
656 2144 910 2218 depositam
930 2143 1175 2206 pecuniam
1188 2141 1415 2190 habuisse.
1450 2139 1513 2188 Id

162 2209 304 2256 velim
343 2222 620 2272 cognoscas.
655 2217 716 2266 et,
753 2207 792 2256 si
825 2208 1119 2268 intellexeris,
1158 2222 1235 2256 eos
1268 2221 1417 2269 neque
1451 2220 1512 2254 ex

163 2272 330 2331 edicto,
369 2287 525 2335 neque
561 2288 620 2319 ex
649 2272 844 2333 decreto,
872 2271 1134 2346 depositam
1163 2271 1395 2330 habuisse,
1430 2269 1512 2316 des

163 2351 372 2400 operam,
395 2345 454 2383 ut
483 2351 636 2384 usutae
656 2337 840 2397 Cluvio,
869 2336 1081 2384 instituto
1108 2344 1207 2395 tuo,
1246 2347 1514 2382 conserven-

183 2463 328 2513 His
347 2463 408 2512 de
430 2467 568 2513 rebus
583 2480 638 2514 eo
653 2459 802 2528 magis
821 2465 997 2522 laboro,
1005 2463 1147 2539 quod
1167 2463 1321 2536 agitur
1332 2477 1403 2508 res
1424 2459 1515 2506 Οιι.

165 2529 384 2593 Pompeii
414 2529 572 2587 etiam,
606 2529 749 2578 nostri
780 2529 1050 2585 necessarii3
1084 2537 1131 2575 et
1162 2525 1321 2590 quod'
1308 2541 1348 2571 is
1366 2523 1519 2584 magis

163 2595 307 2662 etiam
350 2593 473 2642 mihi
504 2594 713 2644 laborare
746 2593 945 2656 videtur,
976 2607 1125 2657 quam
1152 2591 1253 2656 ipse
1289 2586 1516 2636 Cluviuss·
